<?xml version="1.0" encoding="UTF-8"?><collection xmlns="http://www.loc.gov/MARC21/slim"><record><leader>00509nam--2200193-i-4500</leader><controlfield tag="001">000048379</controlfield><controlfield tag="002">20161230</controlfield><controlfield tag="005">20170108224213</controlfield><controlfield tag="008">060222s1000------------r-----000-0-rus-d</controlfield><datafield ind1=" " ind2=" " tag="040"><subfield code="a">IFIN-HH</subfield></datafield><datafield ind1=" " ind2=" " tag="041"><subfield code="a">rus</subfield></datafield><datafield ind1=" " ind2=" " tag="080"><subfield code="a">539.105</subfield></datafield><datafield ind1="1" ind2=" " tag="100"><subfield code="a">Abdurazakov, A. A</subfield></datafield><datafield ind1="1" ind2="0" tag="245"><subfield code="a">Beta-spektrografy s postoiannymi magnitami</subfield><subfield code="c">A.A. Abdurazakov, K.Ia. Gromov, G.Ia. Umarov</subfield></datafield><datafield ind1=" " ind2=" " tag="260"><subfield code="a">Tashkent</subfield><subfield code="b">Fan</subfield><subfield code="c">1970</subfield></datafield><datafield ind1=" " ind2=" " tag="300"><subfield code="a">186 p</subfield></datafield><datafield ind1="1" ind2=" " tag="700"><subfield code="a">Umarov, G. Ia</subfield></datafield><datafield ind1=" " ind2=" " tag="852"><subfield code="a">34031</subfield><subfield code="c">539</subfield></datafield><datafield ind1=" " ind2=" " tag="CAT"><subfield code="a">SYS</subfield><subfield code="c">20170108</subfield><subfield code="h">224213</subfield></datafield></record></collection>